@Manual{rcore2018,
    title = {R: A Language and Environment for Statistical Computing},
    author = {{R Core Team}},
    organization = {R Foundation for Statistical Computing},
    address = {Vienna, Austria},
    year = {2018},
    url = {https://www.R-project.org/},
  }
  
  @Manual{rstudio,
    title = {RStudio: Integrated Development Environment for R},
    author = {{RStudio Team}},
    organization = {RStudio, Inc.},
    address = {Boston, MA},
    year = {2016},
    url = {http://www.rstudio.com/},
  }
  
   @Manual{tidy,
    title = {tidyverse: Easily Install and Load the 'Tidyverse'},
    author = {Hadley Wickham},
    year = {2017},
    note = {R package version 1.2.1},
    url = {https://CRAN.R-project.org/package=tidyverse},
  }
  
  @Book{car,
    title = {An {R} Companion to Applied Regression},
    edition = {Second},
    author = {John Fox and Sanford Weisberg},
    year = {2011},
    publisher = {Sage},
    address = {Thousand Oaks {CA}},
    url = {http://socserv.socsci.mcmaster.ca/jfox/Books/Companion},
  }
  
  @Manual{emmeans,
    title = {emmeans: Estimated Marginal Means, aka Least-Squares Means},
    author = {Russell Lenth},
    year = {2018},
    note = {R package version 1.2.4},
    url = {https://CRAN.R-project.org/package=emmeans},
  }